<record><leader>00000cas a22000007a 4500</leader><controlfield tag="001">23138578</controlfield><controlfield tag="008">910222c19919999scuwr ne      0   a0eng d</controlfield><datafield ind1=" " ind2=" " tag="010"><subfield code="a">sn 91002665 </subfield></datafield><datafield ind1=" " ind2=" " tag="040"><subfield code="a">NSD</subfield><subfield code="b">eng</subfield><subfield code="c">NSD</subfield><subfield code="d">OCLCQ</subfield></datafield><datafield ind1=" " ind2=" " tag="012"><subfield code="k">1</subfield><subfield code="l">1</subfield></datafield><datafield ind1="1" ind2=" " tag="022"><subfield code="a">1055-3215</subfield><subfield code="l">1055-3215</subfield><subfield code="2">1</subfield></datafield><datafield ind1=" " ind2=" " tag="037"><subfield code="b">Island Times, 39 New Orleans Rd., Hilton Head Island, SC 29928</subfield></datafield><datafield ind1=" " ind2=" " tag="042"><subfield code="a">nsdp</subfield><subfield code="a">msc</subfield></datafield><datafield ind1="0" ind2=" " tag="130"><subfield code="a">Island times (Hilton Head Island, S.C.)</subfield></datafield><datafield ind1=" " ind2="0" tag="222"><subfield code="a">Island times</subfield><subfield code="b">(Hilton Head Island, S.C.)</subfield></datafield><datafield ind1="1" ind2="0" tag="245"><subfield code="a">Island times.</subfield></datafield><datafield ind1=" " ind2=" " tag="260"><subfield code="a">Hilton Head Island, SC :</subfield><subfield code="b">Legends Publications</subfield></datafield><datafield ind1=" " ind2=" " tag="300"><subfield code="a">v.</subfield></datafield><datafield ind1=" " ind2=" " tag="310"><subfield code="a">Weekly</subfield></datafield><datafield ind1="1" ind2=" " tag="362"><subfield code="a">Began in 1991.</subfield></datafield><datafield ind1=" " ind2=" " tag="588"><subfield code="a">Description based on: Vol. 1, no. 3 (Mar. 16, 1991).</subfield></datafield><datafield ind1=" " ind2=" " tag="752"><subfield code="a">United States</subfield><subfield code="b">South Carolina</subfield><subfield code="c">Beaufort</subfield><subfield code="d">Hilton Head Island.</subfield></datafield></record>